@book{davenport,
    place={New York},
    title={Multiplicative number theory},
    publisher={Springer},
    author={Davenport, Harold and Montgomery, Hugh L},
    year={2000}
}

@inbook{ireland_rosen_1990,
    place={New York},
    title={A classical introduction to modern number theory},
    publisher={Springer},
    author={Ireland, Kenneth F and Rosen, Michael I},
    year={1990},
    edition={Second},
    chapter={16}
}

@inbook{ivic_2003,
    place={Mineola},
    title={The Riemann zeta-function},
    publisher={Dover},
    author={Ivi\'{c}, Aleksandar},
    year={2003},
    chapter={1}
}

@misc{introduction-to-analytic-number-theory_2020,
    author= {Elkies, Noam},
    title = {Introduction to Analytic Number Theory},
    howpublished={\url{http://people.math.harvard.edu/~elkies/M259.02/zeta1.pdf}},
    year = 2005,
    note={Accessed: 04-02-2020}
}

@inbook{andrews_askey_roy_1999,
    place={Cambridge}, 
    series={Encyclopedia of Mathematics and its Applications}, 
    title={The Gamma and Beta Functions}, DOI={10.1017/CBO9781107325937.002},
    booktitle={Special Functions},
    publisher={Cambridge University Press},
    author={Andrews, George E. and Askey, Richard and Roy, Ranjan}, year={1999}, 
    pages={1–60}, 
    collection={Encyclopedia of Mathematics and its Applications}
}

@inbook{HarmonicAnalysis,
   title =     {Harmonic Analysis: From Fourier to Wavelets},
   author =    {Pereyra, María Cristina and Ward, Lesley A. },
   publisher = {American Mathematical Society},
   isbn =      {0821875663,978-0-8218-7566-7},
   year =      {2012},
   url =       {http://gen.lib.rus.ec/book/index.php?md5=06b815b40bf1919d8360406fd1438e7f},
   chapter = 8
}

@book{heath-brown_2005,
    place={Cambridge},
    series={London Mathematical Society Lecture Note Series},
    title={Prime number theory and the Riemann zeta-function},
    booktitle={Recent Perspectives in Random Matrix Theory and Number Theory},
    publisher={Cambridge University Press},
    author={Heath-Brown, D. R.}, 
    year={2005},
    collection={London Mathematical Society Lecture Note Series}
}

@inbook{serre-reps,
   title =     {Linear representations of finite groups},
   author =    {Serre, Jean-Pierre and Scott, Leonhard L.},
   publisher = {Springer},
   isbn =      {9780387901909,0387901906},
   year =      {1996},
   series =    {Graduate texts in mathematics  42},
   edition =   {Second},
   pages = {3-25},
   url =       {http://gen.lib.rus.ec/book/index.php?md5=264edb65a8a850b95bc1e8092f7c71c5}
}

@inbook{analysis2,
   title =     {Mathematical Analysis II},
   author =    { Zorich, V. A. and  Cooke, R. },
   publisher = {Springer},
   isbn =      {9783540406334,3540406336},
   year =      {2004},
   series =    {Universitext},
   edition =   {First},
   chapter = {17},
   pages = {420},
   url =       {http://gen.lib.rus.ec/book/index.php?md5=1894335d9e5407a5aa4c1762ad91fda4}
}